%semantic
%[1]
@book{rishe1992,
 author={Naphtali Rishe}
 title={Database Design - The Semantic Modelling Approach},
 isbn={5-03-001870-0},
 year={1992},
}

%[2]
@book{bekke2005,
 author={Johan ter Bekke},
 title={Semantic Data Modeling},
 year={2005},
 pages={12-19},
 publisher={Prentice Hall},
}

%[3]
@article{gray2004,
 author={Peter Gray, Krishnarao G. Kulkarni and Norman W. Paton},
 title={Object-Oriented Databases: A Semantic Data Model Approach},
 year={2004},
 journal={Prentice-Hall International Series in Computer Science},
}

%[4]
@inproceedings{hammer2008,
 author={Michael Hammer and Dennis McLeod},
 title={The Semantic Data Model: a Modeling Mechanism for Data Base Applications},
 publisher={ACM},
 year={2008},
}

%semistructured
%[1]
@misc{buneman2010,
 author={Peter Buneman},
 title={Tutorial on semi-structured data},
 journal={Symposium on Principles of Database Systems},
 year={2010},
}

%[2]
@inproceedings{boneman2007,
 author={Peter Buneman},
 title={Semistructured data},
 publisher={ACM},
 booktitle={roceedings of the sixteenth ACM SIGACT-SIGMOD-SIGART symposium on Principles of database systems},
 pages={117-121},
 year={2007}
}

%[3]
@book{abiteboul2000,
 author={Serge Abiteboul, Peter Buneman and Dan Suciu},
 title={Data on the Web. From Relations to Semistructured Data and XML},
 year={2000},
 publisher={Morgan Kaufmann Publishers},
}

%[4]
@misc{bry2001,
 author={4. Francois Bry, Michael Kraus, Dan Olteanu and Sebastian Schaffert},
 title={Aktuelles Schlagwort â€žSemi-strukturierte Daten},
 year={2001},
}

%[5]
@misc{lore,
 url={http://infolab.stanford.edu/lore/home/index.html},
}

