@article{carey1997,
 author = {Carey, Michael J. and DeWitt, David J. and Naughton, Jeffrey F. and Asgarian, Mohammad and Brown, Paul and Gehrke, Johannes E. and Shah, Dhaval N.},
 title = {The BUCKY Object-relational Benchmark},
 journal = {SIGMOD Rec.},
 issue_date = {June 1997},
 volume = {26},
 number = {2},
 month = jun,
 year = {1997},
 issn = {0163-5808},
 pages = {135--146},
 numpages = {12},
 url = {http://doi.acm.org/10.1145/253262.253283},
 doi = {10.1145/253262.253283},
 acmid = {253283},
 publisher = {ACM},
 address = {New York, NY, USA},
}
