@inproceedings{chen2014,
 author = {Chen, Tse-Hsun and Shang, Weiyi and Jiang, Zhen Ming and Hassan, Ahmed E. and Nasser, Mohamed and Flora, Parminder},
 title = {Detecting Performance Anti-patterns for Applications Developed Using Object-relational Mapping},
 booktitle = {Proceedings of the 36th International Conference on Software Engineering},
 series = {ICSE 2014},
 year = {2014},
 isbn = {978-1-4503-2756-5},
 location = {Hyderabad, India},
 pages = {1001--1012},
 numpages = {12},
 url = {http://doi.acm.org/10.1145/2568225.2568259},
 doi = {10.1145/2568225.2568259},
 acmid = {2568259},
 publisher = {ACM},
 address = {New York, NY, USA},
 keywords = {Dynamic Analysis, Performance, Performance Anti-pattern, Performance Evaluation, Static Analysis},
}
