@article{copeland1984,
 author = {Copeland, George and Maier, David},
 title = {Making Smalltalk a Database System},
 journal = {SIGMOD Rec.},
 issue_date = {June 1984},
 volume = {14},
 number = {2},
 month = jun,
 year = {1984},
 issn = {0163-5808},
 pages = {316--325},
 numpages = {10},
 url = {http://doi.acm.org/10.1145/971697.602300},
 doi = {10.1145/971697.602300},
 acmid = {602300},
 publisher = {ACM},
 address = {New York, NY, USA},
}
