@ARTICLE{fotache2009,
    author={Marin Fotache and Cătălin Strîmbei},
	journal={Communications of the IBIMA},
    title={Object-Relational Databases: An Area with Some Theoretical Promises and Few Practical Achievements},
	volume={9},
	issn={1943-7765}
    booktitle={March-April 2010},
    year={2009}
}

