@BOOK{gulutzan1999,
 author={Peter Gulutzan and Trudy Pelzer},
 title={SQL-99 Complete, Really},
 publisher={Lawrence, KS},
 year={1999},
 url={https://mariadb.com/kb/en/sql-99/},
}
