@INPROCEEDINGS{ireland2009,
author={C. Ireland and D. Bowers and M. Newton and K. Waugh},
booktitle={2009 First International Confernce on Advances in Databases, Knowledge, and Data Applications},
title={A Classification of Object-Relational Impedance Mismatch},
year={2009},
pages={36-43},
keywords={data integrity;object-oriented languages;object-oriented programming;relational databases;data fidelity;data integrity;object-oriented language;object-relational impedance mismatch classification;object-relational mapping strategy;relational database;software design;Application software;Computer languages;Impedance;Production;Programming profession;Relational databases;Software design;Space technology;Standards organizations;Visual BASIC;Classification;Database;Impedance Mismatch;ORM;Object-Relational;SQL},
doi={10.1109/DBKDA.2009.11},
month={March}
}
