@BOOK{kemper2015,
author={Alfons Kemper and André Eickler},
title={Datenbanksysteme Eine Einführung},
publisher={Oldenbourg Verlag},
year={2013},
volume={9},
pages={433-434}
}
