@article{stonebraker1986,
 author = {Stonebraker, Michael and Rowe, Lawrence A.},
 title = {The Design of POSTGRES},
 journal = {SIGMOD Rec.},
 issue_date = {June 1986},
 volume = {15},
 number = {2},
 month = jun,
 year = {1986},
 issn = {0163-5808},
 pages = {340--355},
 numpages = {16},
 url = {http://doi.acm.org/10.1145/16856.16888},
 doi = {10.1145/16856.16888},
 acmid = {16888},
 publisher = {ACM},
 address = {New York, NY, USA},
}
