@ARTICLE{stonebraker1990,
 author={M. Stonebraker and L. A. Rowe and M. Hirohama},
 journal={IEEE Transactions on Knowledge and Data Engineering},
 title={The implementation of POSTGRES},
 year={1990},
 volume={2},
 number={1},
 pages={125-142},
 keywords={database management systems;information retrieval;query languages;DBMS backend functions;POSTGRES data model;POSTGRES implementation;implementation decisions;query language;rules system;storage system;three-dimensional data manager POSTGRES;Data processing;Engineering management;Graphics;Knowledge management;Layout;Object oriented databases;Object oriented programming;Programming profession;Relational databases;Subscriptions},
 doi={10.1109/69.50912},
 ISSN={1041-4347},
 month={Mar},
}
