@MISC{stonebraker2005,
 author={Michael Stonebraker and Joseph M. Hellerstein},
 title={What Goes Around Comes Around},
 year={2005}
}
