@ARTICLE{torres2017,
 title = "Twenty years of object-relational mapping: A survey on patterns, solutions, and their implications on application design ",
 journal = "Information and Software Technology ",
 volume = "82",
 number = "",
 pages = "1 - 18",
 year = "2017",
 note = "",
 issn = "0950-5849",
 doi = "https://doi.org/10.1016/j.infsof.2016.09.009",
 url = "http://www.sciencedirect.com/science/article/pii/S0950584916301859",
 author = "Alexandre Torres and Renata Galante and Marcelo S. Pimenta and Alexandre Jonatan B. Martins",
 keywords = "Object-relational mapping",
 keywords = "Design patterns",
 keywords = "Impedance mismatch problem",
 keywords = "Enterprise patterns",
 keywords = "Class models "
}

