@MISC{vassilis2000,
 author={Christophides Vassilis},
 title={ODMG Object Programming Language Bindings},
 year={2000},
 url={http://db.ucsd.edu/static/cse132b-sp01/132b-odmg-opl.pdf},
}
