%daniil
@article{codd1970relational,
  title={A relational model of data for large shared data banks},
  author={Codd, Edgar F},
  journal={Communications of the ACM},
  volume={13},
  number={6},
  pages={377--387},
  year={1970},
  publisher={ACM}
}

@article{stonebraker2005goes,
  title={What goes around comes around},
  author={Stonebraker, Michael and Hellerstein, Joey},
  journal={Readings in Database Systems},
  volume={4},
  year={2005},
  publisher={M. Stonebraker, and JM Hellerstein}
}

@book{sauer2002relationale,
  title={Relationale Datenbanken-Theorie und Praxis},
  author={Sauer, Hermann},
  year={2002},
  publisher={Pearson Deutschland GmbH}
}


@book{date2006introduction,
  title={An introduction to database systems},
  author={Date, Christopher John},
  year={2006},
  publisher={Pearson Education India}
}

@article{chen1976entity,
  title={The entity-relationship model—toward a unified view of data},
  author={Chen, Peter Pin-Shan},
  journal={ACM Transactions on Database Systems (TODS)},
  volume={1},
  number={1},
  pages={9--36},
  year={1976},
  publisher={ACM}
}

@article{bachman1969data,
  title={Data structure diagrams},
  author={Bachman, Charles W},
  journal={ACM Sigmis Database},
  volume={1},
  number={2},
  pages={4--10},
  year={1969},
  publisher={ACM}
}

@book{barker1990case,
  title={Case* Method},
  author={Barker, Richard and Longman, Cliff},
  year={1990},
  publisher={Addison Wesley}
}



%andreas
@article{carey1997,
 author = {Carey, Michael J. and DeWitt, David J. and Naughton, Jeffrey F. and Asgarian, Mohammad and Brown, Paul and Gehrke, Johannes E. and Shah, Dhaval N.},
 title = {The BUCKY Object-relational Benchmark},
 journal = {SIGMOD Rec.},
 issue_date = {June 1997},
 volume = {26},
 number = {2},
 month = jun,
 year = {1997},
 issn = {0163-5808},
 pages = {135--146},
 numpages = {12},
 url = {http://doi.acm.org/10.1145/253262.253283},
 doi = {10.1145/253262.253283},
 acmid = {253283},
 publisher = {ACM},
 address = {New York, NY, USA},
}

@inproceedings{chen2014,
 author = {Chen, Tse-Hsun and Shang, Weiyi and Jiang, Zhen Ming and Hassan, Ahmed E. and Nasser, Mohamed and Flora, Parminder},
 title = {Detecting Performance Anti-patterns for Applications Developed Using Object-relational Mapping},
 booktitle = {Proceedings of the 36th International Conference on Software Engineering},
 series = {ICSE 2014},
 year = {2014},
 isbn = {978-1-4503-2756-5},
 location = {Hyderabad, India},
 pages = {1001--1012},
 numpages = {12},
 url = {http://doi.acm.org/10.1145/2568225.2568259},
 doi = {10.1145/2568225.2568259},
 acmid = {2568259},
 publisher = {ACM},
 address = {New York, NY, USA},
 keywords = {Dynamic Analysis, Performance, Performance Anti-pattern, Performance Evaluation, Static Analysis},
}

@article{copeland1984,
 author = {Copeland, George and Maier, David},
 title = {Making Smalltalk a Database System},
 journal = {SIGMOD Rec.},
 issue_date = {June 1984},
 volume = {14},
 number = {2},
 month = jun,
 year = {1984},
 issn = {0163-5808},
 pages = {316--325},
 numpages = {10},
 url = {http://doi.acm.org/10.1145/971697.602300},
 doi = {10.1145/971697.602300},
 acmid = {602300},
 publisher = {ACM},
 address = {New York, NY, USA},
}

@ARTICLE{fotache2009,
 author={Marin Fotache and Cătălin Strîmbei},
 journal={Communications of the IBIMA},
 title={Object-Relational Databases: An Area with Some Theoretical Promises and Few Practical Achievements},
 volume={9},
 issn={1943-7765},
 year={2009},
}

@INPROCEEDINGS{ireland2009,
 author={C. Ireland and D. Bowers and M. Newton and K. Waugh},
 booktitle={2009 First International Confernce on Advances in Databases, Knowledge, and Data Applications},
 title={A Classification of Object-Relational Impedance Mismatch},
 year={2009},
 pages={36-43},
 keywords={data integrity;object-oriented languages;object-oriented programming;relational databases;data fidelity;data integrity;object-oriented language;object-relational impedance mismatch classification;object-relational mapping strategy;relational database;software design;Application software;Computer languages;Impedance;Production;Programming profession;Relational databases;Software design;Space technology;Standards organizations;Visual BASIC;Classification;Database;Impedance Mismatch;ORM;Object-Relational;SQL},
 doi={10.1109/DBKDA.2009.11},
 month={March},
}

@BOOK{kemper2013,
 author={Alfons Kemper and André Eickler},
 title={Datenbanksysteme Eine Einführung},
 publisher={Oldenbourg Verlag},
 year={2013},
 volume={9},
}

@article{stonebraker1986,
 author = {Stonebraker, Michael and Rowe, Lawrence A.},
 title = {The Design of POSTGRES},
 journal = {SIGMOD Rec.},
 issue_date = {June 1986},
 volume = {15},
 number = {2},
 month = jun,
 year = {1986},
 issn = {0163-5808},
 pages = {340--355},
 numpages = {16},
 url = {http://doi.acm.org/10.1145/16856.16888},
 doi = {10.1145/16856.16888},
 acmid = {16888},
 publisher = {ACM},
 address = {New York, NY, USA},
}

@ARTICLE{stonebraker1990,
 author={M. Stonebraker and L. A. Rowe and M. Hirohama},
 journal={IEEE Transactions on Knowledge and Data Engineering},
 title={The implementation of POSTGRES},
 year={1990},
 volume={2},
 number={1},
 pages={125-142},
 keywords={database management systems;information retrieval;query languages;DBMS backend functions;POSTGRES data model;POSTGRES implementation;implementation decisions;query language;rules system;storage system;three-dimensional data manager POSTGRES;Data processing;Engineering management;Graphics;Knowledge management;Layout;Object oriented databases;Object oriented programming;Programming profession;Relational databases;Subscriptions},
 doi={10.1109/69.50912},
 ISSN={1041-4347},
 month={Mar},
}

@MISC{stonebraker2005,
 author={Michael Stonebraker and Joseph M. Hellerstein},
 title={What Goes Around Comes Around},
 year={2005}
}

@ARTICLE{torres2017,
 title = "Twenty years of object-relational mapping: A survey on patterns, solutions, and their implications on application design ",
 journal = "Information and Software Technology ",
 volume = "82",
 number = "",
 pages = "1 - 18",
 year = "2017",
 note = "",
 issn = "0950-5849",
 doi = "https://doi.org/10.1016/j.infsof.2016.09.009",
 url = "http://www.sciencedirect.com/science/article/pii/S0950584916301859",
 author = "Alexandre Torres and Renata Galante and Marcelo S. Pimenta and Alexandre Jonatan B. Martins",
 keywords = "Object-relational mapping",
 keywords = "Design patterns",
 keywords = "Impedance mismatch problem",
 keywords = "Enterprise patterns",
 keywords = "Class models "
}

@MISC{vassilis2000,
 author={Christophides Vassilis},
 title={ODMG Object Programming Language Bindings},
 year={2000},
 url={http://db.ucsd.edu/static/cse132b-sp01/132b-odmg-opl.pdf},
 howpublished="\url{http://db.ucsd.edu/static/cse132b-sp01/132b-odmg-opl.pdf}",
}

@BOOK{gulutzan1999,
 author={Peter Gulutzan and Trudy Pelzer},
 title={SQL-99 Complete, Really},
 publisher={Lawrence, KS},
 year={1999},
 url={https://mariadb.com/kb/en/sql-99/},
 howpublished="\url{https://mariadb.com/kb/en/sql-99/}",
}


%olena
@book{rishe1992,
 author={Naphtali Rishe},
 title={Database Design - The Semantic Modelling Approach},
 isbn={5-03-001870-0},
 year={1992},
}

@book{bekke2005,
 author={Johan ter Bekke},
 title={Semantic Data Modeling},
 year={2005},
 pages={12-19},
 publisher={Prentice Hall},
}

@article{gray2004,
 author={Peter Gray, Krishnarao G. Kulkarni and Norman W. Paton},
 title={Object-Oriented Databases: A Semantic Data Model Approach},
 year={2004},
 journal={Prentice-Hall International Series in Computer Science},
}

@inproceedings{hammer2008,
 author={Michael Hammer and Dennis McLeod},
 title={The Semantic Data Model: a Modeling Mechanism for Data Base Applications},
 publisher={ACM},
 year={2008},
}

@misc{buneman2010,
 author={Peter Buneman},
 title={Tutorial on semi-structured data},
 journal={Symposium on Principles of Database Systems},
 year={2010},
}

@inproceedings{boneman2007,
 author={Peter Buneman},
 title={Semistructured data},
 publisher={ACM},
 booktitle={roceedings of the sixteenth ACM SIGACT-SIGMOD-SIGART symposium on Principles of database systems},
 pages={117-121},
 year={2007}
}

@book{abiteboul2000,
 author={Serge Abiteboul, Peter Buneman and Dan Suciu},
 title={Data on the Web. From Relations to Semistructured Data and XML},
 year={2000},
 publisher={Morgan Kaufmann Publishers},
}

@misc{bry2001,
 author={4. Francois Bry, Michael Kraus, Dan Olteanu and Sebastian Schaffert},
 title={Aktuelles Schlagwort "Semi-strukturierte Daten"},
 year={2001},
}

@misc{lore,
 title={Lore},
 url={http://infolab.stanford.edu/lore/home/index.html},
 howpublished="\url{http://infolab.stanford.edu/lore/home/index.html}",
}



